@inproceedings{guneysu2015children,
  title={Children's rehabilitation with humanoid robots and wearable inertial measurement units},
  author={Guneysu, Arzu and Arnrich, Bert and Ersoy, Cem},
  booktitle={Pervasive Computing Technologies for Healthcare (PervasiveHealth), 2015 9th International Conference on},
  pages={249--252},
  year={2015},
  organization={IEEE}
}

@article{greenwade93,
    author  = "George D. Greenwade",
    title   = "The {C}omprehensive {T}ex {A}rchive {N}etwork ({CTAN})",
    year    = "1993",
    journal = "TUGBoat",
    volume  = "14",
    number  = "3",
    pages   = "342--351"
}
